<?xml version="1.0" encoding="UTF-8"?><collection><record><leader>03068ntm a2200469 a 4500</leader><controlfield tag="001">002641694</controlfield><controlfield tag="003">MiAaHDL</controlfield><controlfield tag="005">20190719000000.0</controlfield><controlfield tag="006">m        d        </controlfield><controlfield tag="007">cr bn ---auaua</controlfield><controlfield tag="008">930712q15001869xx            00||  ara d</controlfield><datafield tag="035" ind1=" " ind2=" "><subfield code="a">(MiU)002641694</subfield></datafield><datafield tag="035" ind1=" " ind2=" "><subfield code="a">sdr-miu002641694</subfield></datafield><datafield tag="035" ind1=" " ind2=" "><subfield code="a">(OCoLC)34366573</subfield></datafield><datafield tag="035" ind1=" " ind2=" "><subfield code="a">(RLIN)MIUH93-A164</subfield></datafield><datafield tag="040" ind1=" " ind2=" "><subfield code="a">MiU</subfield><subfield code="c">MiU</subfield><subfield code="e">appm</subfield><subfield code="d">MiU</subfield></datafield><datafield tag="100" ind1="1" ind2=" "><subfield code="6">880-01</subfield><subfield code="a">Ibn al-Qunfudh, Aḥmad ibn Ḥusayn,</subfield><subfield code="d">-1406 or 1407.</subfield></datafield><datafield tag="245" ind1="1" ind2="0"><subfield code="6">880-02</subfield><subfield code="a">Sharḥ Ibn Qunfudh ʻalá manẓūmat Ibn Abī al-Rijāl fī aḥkām al-zīj :</subfield><subfield code="k">manuscript,</subfield><subfield code="f">[between 1500? and 1869].</subfield></datafield><datafield tag="300" ind1=" " ind2=" "><subfield code="a">1</subfield><subfield code="f">v. ([123] p.) :</subfield><subfield code="b">ill. ;</subfield><subfield code="c">19 cm.</subfield></datafield><datafield tag="500" ind1=" " ind2=" "><subfield code="a">Watermark: Large circle with GB(?) in roman.</subfield></datafield><datafield tag="500" ind1=" " ind2=" "><subfield code="a">Contains tables and astrological diagrams.</subfield></datafield><datafield tag="500" ind1=" " ind2=" "><subfield code="a">In Maghribī script.</subfield></datafield><datafield tag="500" ind1=" " ind2=" "><subfield code="a">Text rubricated; marginal corrections in other hands; vol. has edge title.</subfield></datafield><datafield tag="500" ind1=" " ind2=" "><subfield code="a">End date from owners' marks on p. [1].</subfield></datafield><datafield tag="500" ind1=" " ind2=" "><subfield code="a">For another commentary on this poem by this author, see Mich. Isl. Ms. 714.</subfield></datafield><datafield tag="500" ind1=" " ind2=" "><subfield code="a">Pp. [2-102]. Bound with: Abū Maʻshar, Kitab qirānāt al-kawākib, pp. [107-123].</subfield></datafield><datafield tag="510" ind1="4" ind2=" "><subfield code="a">GAL,</subfield><subfield code="c">v. I, p. 256; GAL, Suppl. I, p. 401; King, Survey, p. 139; EI2, v. iii, p. 843b</subfield></datafield><datafield tag="520" ind1=" " ind2=" "><subfield code="a">Commentary on the Urjūzat al-qawāʻid fī al-qaḍāyā al-nujūmīyah, a poem on astrology by ʻAlī ibn Abī al-Rijāl al-Shaybānī. Begins with a long dedication to the wazīr Abū Yaḥyá Abī Bakr.</subfield></datafield><datafield tag="538" ind1=" " ind2=" "><subfield code="a">Mode of access: Internet.</subfield></datafield><datafield tag="541" ind1=" " ind2=" "><subfield code="d">07/--/36</subfield><subfield code="3">Manuscript</subfield><subfield code="a">McGregor Fund</subfield><subfield code="c">Purchase, 1933/34</subfield><subfield code="h">40 p.t.</subfield></datafield><datafield tag="545" ind1=" " ind2=" "><subfield code="a">Algerian jurist, mathematician, grammarian, and historian.</subfield></datafield><datafield tag="561" ind1=" " ind2=" "><subfield code="a">Purchased in Cairo, 1933/34. Owners' marks: on p. [1], autographs of shaykh giving ijāzah (?) and first (?) owner, names stricken out but date visible: 1285 [i.e. 1868 or 9]; inside cover, manuscript notes in handwriting of Max Meyerhof.</subfield></datafield><datafield tag="600" ind1="1" ind2="4"><subfield code="6">880-03</subfield><subfield code="a">Ibn Abī al-Rijāl al-Shaybānī, ʻAlī,</subfield><subfield code="d">d. after 1410.</subfield><subfield code="t">Urjūzat al-qawāʻid fī al-qaḍāyā al-nujūmīyah.</subfield></datafield><datafield tag="650" ind1=" " ind2="0"><subfield code="a">Astrology, Arab</subfield><subfield code="y">Early works to 1800.</subfield></datafield><datafield tag="650" ind1=" " ind2="0"><subfield code="a">Astronomy, Arab</subfield><subfield code="y">Early works to 1800.</subfield></datafield><datafield tag="650" ind1=" " ind2="0"><subfield code="a">Manuscripts, Arabic</subfield><subfield code="z">Michigan</subfield><subfield code="z">Ann Arbor.</subfield></datafield><datafield tag="700" ind1="1" ind2="0"><subfield code="6">880-04</subfield><subfield code="a">Ibn Abī al-Rijāl al-Shaybānī, ʻAlī,</subfield><subfield code="d">d. after 1410.</subfield><subfield code="t">Urjūzat al-qawāʻid fī al-qaḍāyā al-nujūmīyah.</subfield></datafield><datafield tag="700" ind1="1" ind2=" "><subfield code="a">Meyerhof, Max,</subfield><subfield code="d">1874-1945,</subfield><subfield code="e">former owner.</subfield></datafield><datafield tag="773" ind1="0" ind2=" "><subfield code="a">Tracy W. McGregor Collection of Arabic, Persian, and Turkish Mathematical and Astronomical Manuscripts.</subfield><subfield code="7">unbc</subfield><subfield code="w">(CStRLIN)MIUH92-A20.</subfield></datafield><datafield tag="880" ind1="0" ind2="0"><subfield code="6">700-04/</subfield><subfield code="a">علي بن أبي الرجال الشيباني.</subfield><subfield code="t">أرجوزة القواعد في القضايا النجومية.</subfield></datafield><datafield tag="880" ind1="0" ind2="4"><subfield code="6">600-03/</subfield><subfield code="a">علي بن أبي الرجال الشيباني.</subfield><subfield code="t">أرجوزة القواعد في القضايا النجومية.</subfield></datafield><datafield tag="880" ind1="1" ind2="0"><subfield code="6">245-02/</subfield><subfield code="a">شرح بن قنفذ على منظومة بن أبي الرجال في أحكام الزيج :</subfield><subfield code="k">manuscript،</subfield><subfield code="f">[between 1500? and 1869].</subfield></datafield><datafield tag="880" ind1="0" ind2=" "><subfield code="6">100-01/</subfield><subfield code="a">أحمد بن حسين بن القنفذ.</subfield></datafield><datafield tag="CID" ind1=" " ind2=" "><subfield code="a">002641694</subfield></datafield><datafield tag="DAT" ind1="0" ind2=" "><subfield code="a">20190719102632.0</subfield><subfield code="b">20190719000000.0</subfield></datafield><datafield tag="DAT" ind1="1" ind2=" "><subfield code="a">20190719090653.0</subfield><subfield code="b">2019-07-19T16:10:50Z</subfield></datafield><datafield tag="DAT" ind1="2" ind2=" "><subfield code="a">2015-10-02T18:00:03Z</subfield></datafield><datafield tag="CAT" ind1=" " ind2=" "><subfield code="a">SDR-MIU</subfield><subfield code="d">EX LIBRIS - ALEPH</subfield><subfield code="l">prepare.pl-004-008</subfield></datafield><datafield tag="FMT" ind1=" " ind2=" "><subfield code="a">BK</subfield></datafield><datafield tag="HOL" ind1=" " ind2=" "><subfield code="0">sdr-miu002641694</subfield><subfield code="a">MiU</subfield><subfield code="b">SDR</subfield><subfield code="c">MIU</subfield><subfield code="p">mdp.39015081448006</subfield><subfield code="s">MIU</subfield><subfield code="1">002641694</subfield></datafield><datafield tag="974" ind1=" " ind2=" "><subfield code="b">MIU</subfield><subfield code="c">MIU</subfield><subfield code="d">20190719</subfield><subfield code="s">lit-dlps-dc</subfield><subfield code="u">mdp.39015081448006</subfield><subfield code="y">1869</subfield><subfield code="r">pd</subfield><subfield code="q">bib</subfield><subfield code="t">non-US bib date2 &lt; 1896</subfield></datafield></record></collection>